<?xml version="1.0" encoding="UTF-8"?><record xmlns="http://www.loc.gov/MARC21/slim" xmlns:cinclude="http://apache.org/cocoon/include/1.0" xmlns:zs="http://www.loc.gov/zing/srw/">
  <leader>00445cz  a2200145n  4500</leader>
  <controlfield tag="001">no2010067078</controlfield>
  <controlfield tag="003">DLC</controlfield>
  <controlfield tag="005">20100515080052.0</controlfield>
  <controlfield tag="008">100422n| acannaabn          |n aaa     c</controlfield>
  <datafield tag="010" ind1=" " ind2=" ">
    <subfield code="a">no2010067078</subfield>
    <subfield code="z">nb2010007408</subfield>
  </datafield>
  <datafield tag="035" ind1=" " ind2=" ">
    <subfield code="a">(OCoLC)oca08470467</subfield>
  </datafield>
  <datafield tag="040" ind1=" " ind2=" ">
    <subfield code="a">FTaSU</subfield>
    <subfield code="b">eng</subfield>
    <subfield code="c">FTaSU</subfield>
    <subfield code="d">DLC</subfield>
  </datafield>
  <datafield tag="100" ind1="1" ind2=" ">
    <subfield code="a">Pellerin, Yvon,</subfield>
    <subfield code="d">1947-</subfield>
  </datafield>
  <datafield tag="670" ind1=" " ind2=" ">
    <subfield code="a">Du lin aĚ la toile, 2008:</subfield>
    <subfield code="b">t.p. (Yvon Pellerin)</subfield>
  </datafield>
  <datafield tag="670" ind1=" " ind2=" ">
    <subfield code="a">OCLC February 22, 2010:</subfield>
    <subfield code="b">(LAC hdg.: Pellerin, Yvon, 1947-)</subfield>
  </datafield>
</record>